@inproceedings{opensky,
 author = {Sch\"{a}fer, Matthias and Strohmeier, Martin and Lenders, Vincent and Martinovic, Ivan and Wilhelm, Matthias},
 title = {Bringing Up OpenSky: A Large-scale ADS-B Sensor Network for Research},
 booktitle = {Proceedings of the 13th International Symposium on Information Processing in Sensor Networks},
 series = {IPSN '14},
 year = {2014},
 isbn = {978-1-4799-3146-0},
 location = {Berlin, Germany},
 pages = {83--94},
 numpages = {12},
 url = {http://dl.acm.org/citation.cfm?id=2602339.2602350},
 acmid = {2602350},
 publisher = {IEEE Press},
 address = {Piscataway, NJ, USA},
 keywords = {ads-b, air traffic control, nextgen, opensky, sensor networks},
}

@inproceedings{routeclustering,
 author = {DeArmon, James and Taylor, Christine and Masek, Tudor and Wanke Craig},
 title = {Air Route Clustering for a Queuing Network Model of the National Airspace System},
 year = {2014},
 location = {Virginia}
}

